%@book{osipov1997,
%  title={Приобретение знаний интеллектуальными системами: Основы теории и технологии},
%  author={Осипов, Геннадий Семенович},
%  year={1997},
%  numpages= 112,
%  address     = {M.},
%  publisher={Наука, Физматлит}
%}

@article{isomap,
  title={A global geometric framework for nonlinear dimensionality reduction},
  author={Tenenbaum, Joshua B and De Silva, Vin and Langford, John C},
  journal={science},
  volume={290},
  number={5500},
  pages={2319--2323},
  year={2000},
  publisher={American Association for the Advancement of Science}
}

@article{fastica,
  title={Fast and robust fixed-point algorithms for independent component analysis},
  author={Hyvarinen, Aapo},
  journal={IEEE transactions on Neural Networks},
  volume={10},
  number={3},
  pages={626--634},
  year={1999},
  publisher={IEEE}
}

@article{mds,
  title={Multidimensional scaling by optimizing goodness of fit to a nonmetric hypothesis},
  author={Kruskal, Joseph B},
  journal={Psychometrika},
  volume={29},
  number={1},
  pages={1--27},
  year={1964},
  publisher={Springer}
}

@article{locallyle,
  title={Nonlinear dimensionality reduction by locally linear embedding},
  author={Roweis, Sam T and Saul, Lawrence K},
  journal={science},
  volume={290},
  number={5500},
  pages={2323--2326},
  year={2000},
  publisher={American Association for the Advancement of Science}
}

@article{tsne,
  title={Visualizing data using t-SNE},
  author={Maaten, Laurens van der and Hinton, Geoffrey},
  journal={Journal of machine learning research},
  volume={9},
  number={Nov},
  pages={2579--2605},
  year={2008}
}

@article{projpurs,
  title={A projection pursuit algorithm for exploratory data analysis},
  author={Friedman, Jerome H and Tukey, John W},
  journal={IEEE Transactions on computers},
  volume={100},
  number={9},
  pages={881--890},
  year={1974},
  publisher={IEEE}
}

@inproceedings{multiclass,
  title={Multiclass learning approaches: A theoretical comparison with implications},
  author={Daniely, Amit and Sabato, Sivan and Shwartz, Shai S},
  booktitle={Advances in Neural Information Processing Systems},
  pages={485--493},
  year={2012}
}

@article{raykar2010fast,
  title={Fast computation of kernel estimators},
  author={Raykar, Vikas C and Duraiswami, Ramani and Zhao, Linda H},
  journal={Journal of Computational and Graphical Statistics},
  volume={19},
  number={1},
  pages={205--220},
  year={2010},
  publisher={Taylor \& Francis}
}

@article{maccallum2002practice,
  title={On the practice of dichotomization of quantitative variables.},
  author={MacCallum, Robert C and Zhang, Shaobo and Preacher, Kristopher J and Rucker, Derek D},
  journal={Psychological methods},
  volume={7},
  number={1},
  pages={19},
  year={2002},
  publisher={American Psychological Association}
}